@incollection {smartoffices:2010,
   author = {Ramos, Carlos and Marreiros, Goreti and Santos, Ricardo and Freitas, Carlos Filipe},
   affiliation = {GECAD and ISEP Portugal},
   title = {Smart Offices and Intelligent Decision Rooms},
   booktitle = {Handbook of Ambient Intelligence and Smart Environments},
   editor = {Nakashima, Hideyuki and Aghajan, Hamid and Augusto, Juan Carlos},
   publisher = {Springer US},
   isbn = {978-0-387-93808-0},
   keyword = {Computer Science},
   pages = {851-880},
   url = {http://dx.doi.org/10.1007/978-0-387-93808-0-32},
   note = {10.1007/978-0-387-93808-0-32},
   year = {2010}
}

@incollection {survey:2010,
   author = {Carsten Röcker},
   affiliation = {},
   title = {Services and Applications for Smart Office Environments- A Survey of State-of-the-Art Usage Scenarios},
   booktitle = {World Academy of Science, Engineering and Technology 61 2010},
   year = {2010}
}

