@inproceedings{Tramp:2010,
 author = {Tramp, Sebastian and Frischmuth, Philipp and Ermilov, Timofey and Auer, S\"{o}ren},
 title = {Weaving a social data web with semantic Pingback},
 booktitle = {Proceedings of the 17th international conference on Knowledge engineering and management by the masses},
 series = {EKAW'10},
 year = {2010},
 isbn = {3-642-16437-4, 978-3-642-16437-8},
 location = {Lisbon, Portugal},
 pages = {135--149},
 numpages = {15},
 url = {http://portal.acm.org/citation.cfm?id=1948294.1948309},
 acmid = {1948309},
 publisher = {Springer-Verlag},
 address = {Berlin, Heidelberg},
} 
